@inproceedings{wiebusch2015decoupling,
  title={Decoupling the entity-component-system pattern using semantic traits for reusable realtime interactive systems},
  author={Wiebusch, Dennis and Latoschik, Marc Erich},
  booktitle={2015 IEEE 8th Workshop on Software Engineering and Architectures for Realtime Interactive Systems (SEARIS)},
  pages={25--32},
  year={2015},
  organization={IEEE}
}

@misc{esper,
  author={Benjamin Moran},
  title={Esper},
  year={2020},
  month={05},
  publisher={GitHub},
  journal={GitHub repository},
  howpublished={\url{https://github.com/benmoran56/esper/commit/850ee6365dcdc6c36c7b02053bef121a98042849}},
  commit={850ee6365dcdc6c36c7b02053bef121a98042849},
  version={Maduin (1.3)},
}

@misc{simpy,
  author={ Ontje Lünsdorf and Stefan Scherfke},
  title={SimPy},
  year={2020},
  month={04},
  publisher={GitLab},
  journal={GitLab repository},
  howpublished={\url{https://gitlab.com/team-simpy/simpy/-/commit/b29e72af9975aae6cc0f2ffeaff0c5c876c9e644}},
  commit={b29e72af9975aae6cc0f2ffeaff0c5c876c9e644},
  version={4.0.1},
}

@article{belanger2010aboutsimulation,
  title={The what, where and why of real-time simulation},
  author={B{\'e}langer, Jean and Venne, P and Paquin, Jean-Nicolas},
  journal={Planet Rt},
  volume={1},
  number={1},
  pages={25--29},
  year={2010}
}

@article{matloff2008desintro,
  title={Introduction to discrete-event simulation and the simpy language},
  author={Matloff, Norm},
  journal={Davis, CA. Dept of Computer Science. University of California at Davis. Retrieved on August},
  volume={2},
  number={2009},
  pages={1--33},
  year={2008}
}

@inproceedings{koenig2004gazebo,
  title={Design and use paradigms for gazebo, an open-source multi-robot simulator},
  author={Koenig, Nathan and Howard, Andrew},
  booktitle={2004 IEEE/RSJ International Conference on Intelligent Robots and Systems (IROS)(IEEE Cat. No. 04CH37566)},
  volume={3},
  pages={2149--2154},
  year={2004},
  organization={IEEE}
}

@inproceedings{hugues2006simbad,
  title={Simbad: an autonomous robot simulation package for education and research},
  author={Hugues, Louis and Bredeche, Nicolas},
  booktitle={International Conference on Simulation of Adaptive Behavior},
  pages={831--842},
  year={2006},
  organization={Springer}
}

@inproceedings{rohmer2013coopeliasim,
  title={V-REP: A versatile and scalable robot simulation framework},
  author={Rohmer, Eric and Singh, Surya PN and Freese, Marc},
  booktitle={2013 IEEE/RSJ International Conference on Intelligent Robots and Systems},
  pages={1321--1326},
  year={2013},
  organization={IEEE}
}

@inproceedings{echeverria2011morse,
  title={Modular open robots simulation engine: Morse},
  author={Echeverria, Gilberto and Lassabe, Nicolas and Degroote, Arnaud and Lemaignan, S{\'e}verin},
  booktitle={2011 IEEE International Conference on Robotics and Automation},
  pages={46--51},
  year={2011},
  organization={IEEE}
}

@inproceedings{maia2019dragonfly,
  title={Dragonfly: a tool for simulating self-adaptive drone behaviours},
  author={Maia, Paulo Henrique and Vieira, Lucas and Chagas, Matheus and Yu, Yijun and Zisman, Andrea and Nuseibeh, Bashar},
  booktitle={2019 IEEE/ACM 14th International Symposium on Software Engineering for Adaptive and Self-Managing Systems (SEAMS)},
  pages={107--113},
  year={2019},
  organization={IEEE}
}

@inproceedings{noori20173d,
  title={On 3D simulators for multi-robot systems in ROS: MORSE or Gazebo?},
  author={Noori, Farzan M and Portugal, David and Rocha, Rui P and Couceiro, Micael S},
  booktitle={2017 IEEE International Symposium on Safety, Security and Rescue Robotics (SSRR)},
  pages={19--24},
  year={2017},
  organization={IEEE}
}

@incollection{cao1997cooperative,
  title={Cooperative mobile robotics: Antecedents and directions},
  author={Cao, Y Uny and Kahng, Andrew B and Fukunaga, Alex S},
  booktitle={Robot colonies},
  pages={7--27},
  year={1997},
  publisher={Springer}
}

@inproceedings{iocchi2000reactivity,
  title={Reactivity and deliberation: a survey on multi-robot systems},
  author={Iocchi, Luca and Nardi, Daniele and Salerno, Massimiliano},
  booktitle={Workshop on Balancing Reactivity and Social Deliberation in Multi-Agent Systems},
  pages={9--32},
  year={2000},
  organization={Springer}
}

@phdthesis{sykes2010autonomous,
  title={Autonomous architectural assembly and adaptation},
  author={Sykes, Daniel},
  year={2010},
  school={Citeseer}
}

@article{pinciroli2012argos,
  title={ARGoS: a modular, parallel, multi-engine simulator for multi-robot systems},
  author={Pinciroli, Carlo and Trianni, Vito and O’Grady, Rehan and Pini, Giovanni and Brutschy, Arne and Brambilla, Manuele and Mathews, Nithin and Ferrante, Eliseo and Di Caro, Gianni and Ducatelle, Frederick and others},
  journal={Swarm intelligence},
  volume={6},
  number={4},
  pages={271--295},
  year={2012},
  publisher={Springer}
}
